@online{multi-zone,
	title = {Spring Cloud Eureka Zones},
	date = {2017-01-07},
	url = {http://stackoverflow.com/questions/34816592/how-to-set-a-spring-cloud-eureka-apps-zone},
	
},
@online{netflix:eureka,
	title= {Netflix - Eureka Wiki},
	date={18.04.2016},
	url={https://github.com/Netflix/eureka/wiki}
}
